@comment{x-kbibtex-personnameformatting=<%l><, %f>}

@article{cite:8,
	author = "Liouville, R. and Bernoulli, G.",
	journal = "{J}ournal of Numerical Geometry",
	month = aug,
	pages = "152--191",
	title = "{On the Positivity of Conditionally Closed, Right-Simply Contravariant Scalars}",
	volume = 6,
	year = 1993
}

@article{HBI+14,
	author = "Hanke, M. and Baumgartner, F. J. and Ibe, P. and Kaule, F. R. and Pollmann, S. and Speck, O. and Zinke, W. and Stadler, J.",
	journal = "Scientific Data",
	title = "{A high-resolution 7-{T}esla f{MRI} dataset from complex natural stimulation with an audio movie}",
	volume = "1",
	year = 2014
}

@incollection{CG2007,
	address = "Oxford",
	author = "Coan, J. A. and Gottman, J. M.",
	booktitle = "{Handbook of emotion elicitation and assessment}",
	editor = "Coan, J. A. and Allen, J. J. B.",
	pages = "267--285",
	publisher = "Oxford University Press",
	title = "{The specific affect coding system ({SPAFF})}",
	year = 2007
}

@article{Ekm1992a,
	author = "Ekman, P.",
	journal = "Cognition \& Emotion",
	pages = "169--200",
	title = "{An argument for basic emotions}",
	volume = "6",
	year = 1992
}

@article{Ekm1992b,
	author = "Ekman, P.",
	journal = "Psychological Science",
	pages = "34--38",
	title = "{Facial expressions of emotion: New findings, new questions}",
	volume = "3",
	year = 1992
}

@incollection{GW2007,
	address = "Oxford",
	author = "Gray, E. K. and Watson, D.",
	booktitle = "{Handbook of emotion elicitation and assessment}",
	editor = "Coan, J. A. and Allen, J. J. B.",
	pages = "171--183",
	publisher = "Oxford University Press",
	title = "{Assessing positive and negative affect via self-report}",
	year = 2007
}

@article{GL1995,
	author = "Gross, J. J. and Levenson, R. W.",
	journal = "Cognition \& Emotion",
	pages = "87--108",
	title = "{Emotion elicitation using films}",
	volume = "9",
	year = 1995
}

@article{Rus1980,
	author = "Russell, J. A.",
	journal = "Journal of Personality \& Social Psychology",
	pages = "1161--1178",
	title = "{A circumplex model of affect}",
	volume = "39",
	year = 1980
}

@article{Sch2005,
	author = "Scherer, K. R.",
	journal = "Social Science Information",
	pages = "695--729",
	title = "{What are emotions? And how can they be measured?}",
	volume = "44",
	year = 2005
}

@article{EVS+2009,
	author = "Ethofer, T. and {Van De Ville}, D. and Scherer, K. and Vuilleumier, P.",
	journal = "Current Biology",
	pages = "1028--1033",
	title = "{Decoding of emotional information in voice-sensitive cortices}",
	volume = "19",
	year = 2009
}

@article{SS2014,
	author = "Skerry, A. E. and Saxe, R.",
	journal = "Journal of Neuroscience",
	pages = "15997--16008",
	title = "{A Common Neural Code for Perceived and Inferred Emotion}",
	volume = "34",
	year = 2014
}

@article{HNL+2004,
	author = "Hasson, U. and Nir, Y. and Levy, I. and Fuhrmann, G. and Malach, R.",
	journal = "Science",
	title = "{Intersubject Synchronization of Cortical Activity During Natural Vision}",
	volume = "303",
	year = 2004
}

@incollection{NK2007,
	address = "Oxford",
	author = "Nielsen, L. and Kaszniak, A. W.",
	booktitle = "{Handbook of emotion elicitation and assessment}",
	editor = "Coan, J. A. and Allen, J. J. B.",
	pages = "361--375",
	publisher = "Oxford University Press",
	title = "{Conceptual, theoretical, and methodological issues in inferring subjective emotion experience}",
	year = 2007
}

@book{Ort1990,
	author = "Ortony, A.",
	publisher = "Cambridge university press",
	title = "{The cognitive structure of emotions}",
	year = 1990
}

@book{EF1975,
	address = "Englewood Cliffs, N.J",
	author = "Ekman, P. and Friesen, W. V.",
	publisher = "Prentice-Hall",
	title = "{Unmasking the face: A guide to recognizing emotions from facial clues}",
	year = 1975
}

@inproceedings{AP2005,
	author = "Aubert, Olivier and Pri{\'e}, Yannick",
	booktitle = "{Proceedings of ACM Hypertext}",
	pages = "235-244",
	title = "{Advene: active reading through hypervideo}",
	year = "2005"
}

@article{HH2012,
title = {Future trends in Neuroimaging: Neural processes as expressed within real-life contexts},
author = {Uri Hasson and Christopher J. Honey},
journal = {NeuroImage},
year = 2012,
volume = 62,
pages = {1272--1278}
}
